<record><leader>00000cas a22000007a 4500</leader><controlfield tag="001">9580066</controlfield><controlfield tag="008">830606d18781888ksuwr ne      0    0eng d</controlfield><datafield ind1=" " ind2=" " tag="010"><subfield code="a">sn 83040203 </subfield></datafield><datafield ind1=" " ind2=" " tag="040"><subfield code="a">KSH</subfield><subfield code="b">eng</subfield><subfield code="c">KSH</subfield><subfield code="d">NPT</subfield><subfield code="d">OCLCQ</subfield></datafield><datafield ind1=" " ind2=" " tag="042"><subfield code="a">msc</subfield></datafield><datafield ind1=" " ind2=" " tag="043"><subfield code="a">n-us-ks</subfield></datafield><datafield ind1="0" ind2="4" tag="245"><subfield code="a">The Ellinwood express.</subfield></datafield><datafield ind1=" " ind2=" " tag="260"><subfield code="a">Ellinwood, Kan. :</subfield><subfield code="b">Express Pub. Co.</subfield></datafield><datafield ind1=" " ind2=" " tag="300"><subfield code="a">v. :</subfield><subfield code="b">ill. (chiefly adv.) ;</subfield><subfield code="c">53 cm.</subfield></datafield><datafield ind1=" " ind2=" " tag="310"><subfield code="a">Weekly</subfield></datafield><datafield ind1="1" ind2=" " tag="362"><subfield code="a">Began in Apr. 1878; ceased with Aug. 2, 1888 issue?</subfield></datafield><datafield ind1=" " ind2=" " tag="500"><subfield code="a">Editor: F.T. Sheppard.</subfield></datafield><datafield ind1=" " ind2=" " tag="588"><subfield code="a">Description based on: Vol. 1, no. 2 (Apr. 13, 1878).</subfield></datafield><datafield ind1="1" ind2=" " tag="700"><subfield code="a">Sheppard, F. T.</subfield></datafield><datafield ind1=" " ind2=" " tag="752"><subfield code="a">United States</subfield><subfield code="b">Kansas</subfield><subfield code="c">Barton</subfield><subfield code="d">Ellinwood.</subfield></datafield><datafield ind1="1" ind2=" " tag="029"><subfield code="a">AU@</subfield><subfield code="b">000025791994</subfield></datafield></record>